@article{goldenshluger2009universal,
  title={A universal procedure for aggregating estimators},
  author={Goldenshluger, Alexander},
  journal={The Annals of Statistics},
  pages={542--568},
  year={2009},
  publisher={JSTOR}
}